%@Article{nature99,
%author = {},
%title = {},
%journal = {Nature},
%year = {1999},
%volume = {399},
%number = {6736},
%month = {June},
%}
@Article{Luscombe01,
	author = {Luscombe, N. M. and Greenbaum, D. and Gerstein, M.},
	title = {What is Bioinformatics? A Proposed Definition and Overview of the Field},
	journal = {Methods of Information in Medicine},
	year = {2001},
	volume = {40},
	number = {4},
	pages = {346-358}
}
@Article{Bairoch00,
	author = {Bairoch, A. and Apweiler, R.},
	title = {The SWISS-PROT protein sequence database and its supplement TrEMBL in 2000},
	journal = {Nucleic Acids Research},
	year = {2000},
	volume = {28},
	number = {1},
	pages = {45-48}
}
@Article{Dix07,
	author = {Dix, D. J. and Houck, K. A. and Martin, M. T. and Richard, A. M. and Setzer, R. W. and Kavlock, R. J.},
	title = {The ToxCast program for prioritizing toxicity testing of environmental chemicals.},
	journal = {Toxicological Scienes},
	year = {2007},
	volume = {95},
	number = {1},
	pages = {5-12}
}
@Article{Tsoumakas07,
	author = {Tsoumakas, G. and Katakis, I.},
	title = {Multi Label Classification: An Overview},
	journal = {International Journal of Data Warehousing and Mining},
	year = {2007},
    volume = {3},
    number = {3},
    pages = {1-13}
}
@Article{human01,
	author = {{International Human Genome Sequencing Consortium}},
	title = {Initial sequencing and analysis of the human genome},
	journal = {Nature},
	year = {2001},
	volume = {409},
	number = {6822},
	pages = {860-921}
}
@Article{Sundberg74,
	author = {Sundberg, R.},
	title = {Maximum likelihood theory for incomplete data from an exponential family},
	journal = {Scandinavian Journal of Statistics 1},
	year = {1974},
	volume = {1},
	number = {2},
	pages = {49-58}
}
@Article{Demp77,
	author = {Dempster, A. P. and Laird, N. M. and Rubin, D. B.},
	title = {Maximum Likelihood from Incomplete Data via the EM Algorithm},
	journal = {Journal of the Royal Statistical Society Series B (Methodological)},
	year = {1977},
    volume = {39},
    number = {1},
    pages = {1-38}
}
@ARTICLE{Jain99,
    author = {Jain, A. K. and Murty, M. N. and Flynn, P. J.},
    journal = {ACM Computing Surveys},
    volume = {31},
    title = {Data Clustering: A Review},
    year = {1999},
    numbert = {3},
    pages = {264-323}
}
@Article{Tanimoto60,
	author = {Rogers, D. J. and Tanimoto, T. T.},
	title = {A Computer Program for Classifying Plants},
	journal = {Science},
	year = {1960},
	volume = {132},
	number = {3434},
	pages = {1115-1118}
}
@Article{mulan,
  author       = {Tsoumakas, G. and Spyromitros-Xioufis, E. and Vilcek, J. and Vlahavas, I.},
  title        = {Mulan: A Java Library for Multi-Label Learning},
  journal      = {Journal of Machine Learning Research},
  year         = {2011},
  volume = {12},
  pages	= {2411-2414}
}
@Article{weka,
  author    = {Hall, M. and Frank, E. and Holmes, G. and Pfahringer, B. and Reutemann, R. and Witten, I. H.},
  title     = {The {WEKA} data mining software: an update},
  journal   = {SIGKDD Explorations},
  volume    = {11},
  number = {1},
  year      = {2009},
  pages     = {10-18}
  }
@article {SVM,
   author = {Cortes, C. and Vapnik, V.},
   title = {Support-vector networks},
   journal = {Machine Learning},
   pages = {273-297},
   volume = {20},
   number = {3},
   year = {1995}
}
@article{Quinlan1986,
 author = {Quinlan, J. R.},
 title = {Induction of Decision Trees},
 journal = {Machine Learning},
 volume = {1},
 numbert = {1},
 year = {1986},
 pages = {81-106}
} 
@ARTICLE{Schapire00boostexter:a,
    author = {Schapire, R. E. and Singer, Y.},
    title = {BoosTexter: A Boosting-based System for Text Categorization},
    year = {2000},
    volume = {39},
    numbert = {2/3},
    journal = {Machine Learning},
    pages = {135-168}
}
@ARTICLE{Yang99anevaluation,
    author = {Yang, Y.},
    title = {An evaluation of statistical approaches to text categorization},
    journal = {Journal of Information Retrieval},
    year = {1999},
    volume = {1},
    number = {1/2},
    pages = {67-88}
}
@ARTICLE{Fayyad96fromdata,
    author = {Fayyad, U. and Piatetsky-shapiro, G and Smyth, P.},
    title = {From data mining to knowledge discovery in databases},
    journal = {AI Magazine},
    year = {1996},
    volume = {17},
    numbert = {3},
    pages = {37-54}
}
@Article{Bairoch:1996,
  author = 	 {Bairoch, A. and Apweiler, R.},
  title = 	 {The SWISS-PROT protein sequence data bank and its
		  new supplement TREMBL},
  journal = {Nucleic Acids Res},
  year = 	 {1996},
  volume = 	 {24},
  number = {1},
  pages = 	 {17-21}
}
@INPROCEEDINGS{Godbole04discriminativemethods,
    author = {Godbole, S. and Sarawagi, S},
    title = {Discriminative Methods for Multi-Labeled Classification},
    booktitle = {Proceedings of the 8th Pacific-Asia Conference on Knowledge Discovery and Data Mining},
    year = {2004},
    pages = {22-30}
}
@INPROCEEDINGS{Ghamrawi05collectivemultilabel,
    author = {Ghamrawi, N. and Mccallum, A.},
    title = {Collective multilabel classification},
    booktitle = {Proceedings of the 14th ACM international conference on Information and knowledge management},
    year = {2005},
    pages = {195-200}
}
@INPROCEEDINGS{cheng10icmlmld,
  author = {Dembczy{\'n}ski, K. and Waegeman, W. and Cheng, W. and H\"ullermeier E.},
  title = {On label dependence in multi-label classification},
  booktitle = {Workshop Proceedings of Learning from Multi-Label Data},
  year = {2010},
  pages = {5-12},
}
@inproceedings{read:2008,
    author = {Read, J.},
    booktitle = {Proceedings of the New Zealand Computer Science Research Student Conference},
    pages = {143-150},
    title = {A Pruned Problem Transformation Method for Multi-label classification},
    year = {2008},
}
@INPROCEEDINGS{Pestian07w.:a,
    author = {Pestian, J. and Brew, C. and Matykiewicz, P. and Hovermale, D. J. and Cohen, K. B. and Wlodzuslaw, D.},
    title = {A shared task involving multi-label classification of clinical free text},
    booktitle = {BioNLP '07 Proceedings of the Workshop on BioNLP 2007: Biological, Translational, and Clinical Language Processing},
    year = {2007},
    pages={97-104},
}
@inproceedings{DBLP:conf/nips/ElisseeffW01,
  author    = {Elisseeff, A. and Weston, J},
  title     = {A kernel method for multi-labeled classification},
  booktitle = {Advances in Neural Information Processing Systems},
  year      = {2001},
  pages     = {681-687},
}
@inproceedings{MacQueen67,
  author = {MacQueen, J. B.},
  booktitle = {Proceedings of the fifth Berkeley Symposium on Mathematical Statistics and Probability},
  pages = {281-297},
  title = {Some Methods for Classification and Analysis of MultiVariate Observations},
  year = {1967}
}
@inproceedings{Kira92,
    author = {Kira, K. and Rendell, L. A.},
    booktitle = {Ninth International Workshop on Machine Learning},
    pages = {249-256},
    title = {A Practical Approach to Feature Selection},
    year = {1992}
 }
 @InProceedings{Tsoumakas09,
    author = {Tsoumakas, G. and Dimou, A. and Spyromitros-Xioufis, E. and Mezaris, V. and Kompatsiaris, I. and Vlahavas, I.},
    booktitle = {Proceedings of the 1st International Workshop on Learning from Multi-Label Data},
    pages = {101-116},
    title = {Correlation-Based Pruning of Stacked Binary Relevance Models for Multi-Label Learning},
    year = {2009},
 }
@InProceedings{Tsoumakas08,
	author = {Tsoumakas, G. and Katakis, I. and Vlahavas, I.},
	title = {Effective and Efficient Multilabel Classification in Domains with Large Number of Labels},
	booktitle = {Proceedings ECML/PKDD 2008 Workshop on Mining Multidimensional Data},
	year = {2008}
}
@inproceedings{Read09,
    author = {Read, J. and Pfahringer, B. and Holmes, G. and Frank, E.},
    booktitle = {Proceedings of the European Conference on Machine Learning and Knowledge Discovery in Databases: Part II},
    pages = {254-269},
    title = {Classifier Chains for Multi-label Classification},
    year = {2009}
}
@inproceedings{Zhang05,
  author    = {Zhang, M. and Zhou, Z.},
  title     = {A k-nearest neighbor based algorithm for multi-label classification},
  booktitle = {IEEE International Conference on Granular Computing},
  year      = {2005},
  pages     = {718-721}
}

@phdthesis{Ahmad2004,
  author = {Ahmad, A. and Dey, L.},
  month = {October},
  title = {A feature selection technique for classificatory analysis},
  year = {2004},
  school = {Indian Institute of Technology}
}
@phdthesis{citeulike:8938538,
    author = {Read, J.},
    school = {University of Waikato},
    title = {Scalable Multi-label Classification},
    year = {2010},
    month = {September}
}       
@book{Witten2005,
	author = {Witten, I. H. and Frank, E. and Hall, M. A.},
	title = {Data mining : Practical Machine Learning Tools and Techniques},
	year = {2011},	
	edition = {3rd},
	publisher = {Morgan Kaufmann Publishers Inc.},
	address = {San Francisco, CA, USA}
}
@book{Cantrell,
 author = {Cantrell, C. D.},
 title = {Modern mathematical methods for physicists and engineers},
 year = {2000},
 publisher = {Cambridge University Press},
 address = {New York, NY, USA}
} 
@book{mitchell97,
 author = {Mitchell, Thomas M.},
 title = {Machine Learning},
 year = {1997},
 edition = {1st},
 publisher = {McGraw-Hill, Inc.},
 address = {New York, NY, USA},
}
@book{Kaufman90,
  author = {Kaufman, l. and Rousseeuw, P. J.},
  publisher = {Wiley Interscience},
  title = {Finding Groups in Data An Introduction to Cluster Analysis},
  year = {1990},
  address = {New York, NY, USA}
}
@Book{Myers03,
	address = {London, UK},
	author = {Myers, J. L. and Well, A. D.},
	title = {Research Design and Statistical Analysis},
	publisher = {Lawrence Erlbaum Associates},
	year = {2003},
	edition = {2ncs}
}
@Book{Press88,
	author = {Press, W. H. and Flannery B. P.},
	title = {Numerical Recipes in C: The Art of Scientific Computing},
	publisher = {Cambridge University Press},
	year = {1988},
	edition = {2nd},
	 address = {New York, NY, USA}
}
@Book{Cover91,
	author = {Cover, T. M. and Thomas, J. A.},
	title = {Elements of Information Theory},
	publisher = {John Wiley \& Sons. Inc.},
	address = {Hoboken, NJ, US},
	year = {1991}
}
@techreport{Zheng10,
	author = {Zhao, Z. and Morstatter, F. and Sharma, S, and Alelyani, S. and Anand, A. and Liu, H.},
	title = {Advancing Feature Selection Research - {ASU} Feature Selection Repository},
	institution = {School of Computing, Informatics, and Decision Systems Engineering, Arizona State University},
	year = {2010}
}